@ARTICLE{Mendoza2021,
    AUTHOR="Hector Dante Mendoza",
    TITLE="Integración del procesamiento imágenes e Internet de las cosas en la estimación temprana del rendimiento de cultivos frutales",
    JOURNAL="XXIII Workshop de Investigadores en Ciencias de la Computación",
    YEAR="2021",
}

@ARTICLE{Lim2020,
    AUTHOR="JongYoon Lim",
    TITLE="Deep Neural Network Based Real-time Kiwi Fruit Flower Detection in an Orchard Environment",
    JOURNAL="arXiv preprint arXiv:2006.04343",
    YEAR="2020",
}

@ARTICLE{Montiel2019,
    AUTHOR="Montiel, Miguel Angel Lopez",
    TITLE="Algoritmo de procesamiento de imágenes para señales de tránsito",
    JOURNAL="Articulo",
    YEAR="2019",
}

@ARTICLE{Song2019,
    AUTHOR="Zhenzhen Song. Longsheng Fu. Jingzhu Wu",
    TITLE="Kiwifruit detection in field images using Faster R-CNN with VGG16",
    JOURNAL="Articulo",
    YEAR="2019",
}

@MISC{WEBSITE:Fruitometry2024,
	HOWPUBLISHED = "\url{https://fruitometry.com/}",
	AUTHOR = "Chris Miller",
	TITLE = "Fruitometry",
	MONTH = "09",
	YEAR = "2024",
	URLDATE = {2024-09-13}
}

@MISC{WEBSITE:Unitec2024,
	HOWPUBLISHED = "\url{https://es.unitec-group.com/tecnologias-frutas-hortalizas/?gclid=EAIaIQobChMIvZnv98GY8QIVyQSRCh2xrAMJEAAYAiAAEgJqgvD_BwE}",
	AUTHOR = "Unitec",
	TITLE = "Calibradoras electrónicas, seleccionadoras, máquinas y tecnologías para el empaque y el proceso de frutas y hortalizas frescas.",
	MONTH = "09",
	YEAR = "2024",
	URLDATE = {2024-09-13}
}

@ARTICLE{Hobart2025,
    AUTHOR="Hobart, M.",
    TITLE="Fruit Detection and Yield Mass Estimation from a UAV Based RGB Dense Cloud for an Apple Orchard",
    JOURNAL="Articulo",
    YEAR="2025",
}